@article{RN170,
   author = {Adachi, G. Y. and Imanaka, N. and Aono, H.},
   journal = {Adv. Mater.},
   volume = {8},
   pages = {127},
   year = {1996},
   type = {Journal Article}
}

